<marcxml:record xmlns:marcxml="http://www.loc.gov/MARC21/slim" xmlns:mets="http://www.loc.gov/METS/" xmlns:bf="http://id.loc.gov/ontologies/bibframe/" xmlns:bflc="http://id.loc.gov/ontologies/bflc/" xmlns:madsrdf="http://www.loc.gov/mads/rdf/v1#" xmlns:rdf="http://www.w3.org/1999/02/22-rdf-syntax-ns#" xmlns:ri="http://id.loc.gov/ontologies/RecordInfo#" xmlns:idx="info:lc/xq-modules/lcindex" xmlns:semtriples="http://marklogic.com/semantic" xmlns:xsi="http://www.w3.org/2001/XMLSchema-instance" xmlns:xlink="http://www.w3.org/1999/xlink" xmlns:streams="info:lc/streams#">
  <marcxml:leader>02851cam a22003614a 4500</marcxml:leader>
  <marcxml:controlfield tag="001">14008636</marcxml:controlfield>
  <marcxml:controlfield tag="005">20160720120257.0</marcxml:controlfield>
  <marcxml:controlfield tag="008">050620s2006    mnua     b    001 0 eng  </marcxml:controlfield>
  <marcxml:datafield tag="906" ind1=" " ind2=" ">
    <marcxml:subfield code="a">7</marcxml:subfield>
    <marcxml:subfield code="b">cbc</marcxml:subfield>
    <marcxml:subfield code="c">orignew</marcxml:subfield>
    <marcxml:subfield code="d">1</marcxml:subfield>
    <marcxml:subfield code="e">ecip</marcxml:subfield>
    <marcxml:subfield code="f">20</marcxml:subfield>
    <marcxml:subfield code="g">y-gencatlg</marcxml:subfield>
  </marcxml:datafield>
  <marcxml:datafield tag="925" ind1="0" ind2=" ">
    <marcxml:subfield code="a">acquire</marcxml:subfield>
    <marcxml:subfield code="b">1 shelf copy</marcxml:subfield>
    <marcxml:subfield code="x">policy default</marcxml:subfield>
  </marcxml:datafield>
  <marcxml:datafield tag="925" ind1="1" ind2=" ">
    <marcxml:subfield code="a">acquire</marcxml:subfield>
    <marcxml:subfield code="b">2 shelf copies</marcxml:subfield>
    <marcxml:subfield code="x">policy default</marcxml:subfield>
  </marcxml:datafield>
  <marcxml:datafield tag="955" ind1=" " ind2=" ">
    <marcxml:subfield code="a">lg14 2005-06-20</marcxml:subfield>
    <marcxml:subfield code="i">lg14 2005-06-20</marcxml:subfield>
    <marcxml:subfield code="e">lg14 2005-06-20 to Dewey</marcxml:subfield>
    <marcxml:subfield code="a">aa08 2005-06-24</marcxml:subfield>
    <marcxml:subfield code="a">ps02 2006-11-09 1 copy rec'd., to CIP ver.</marcxml:subfield>
    <marcxml:subfield code="f">lg08 2006-11-20 Z-CipVer</marcxml:subfield>
    <marcxml:subfield code="g">lg08 2006-11-20 c. 1 to BCCD</marcxml:subfield>
    <marcxml:subfield code="a">ld08 2007-03-21 copy 2 added</marcxml:subfield>
  </marcxml:datafield>
  <marcxml:datafield tag="010" ind1=" " ind2=" ">
    <marcxml:subfield code="a">  2005017745</marcxml:subfield>
  </marcxml:datafield>
  <marcxml:datafield tag="020" ind1=" " ind2=" ">
    <marcxml:subfield code="a">9780761328773 (lib. bdg.  : alk. paper)</marcxml:subfield>
  </marcxml:datafield>
  <marcxml:datafield tag="020" ind1=" " ind2=" ">
    <marcxml:subfield code="a">0761328777 (lib. bdg. : alk. paper)</marcxml:subfield>
  </marcxml:datafield>
  <marcxml:datafield tag="035" ind1=" " ind2=" ">
    <marcxml:subfield code="a">(OCoLC)ocm60743161</marcxml:subfield>
  </marcxml:datafield>
  <marcxml:datafield tag="035" ind1=" " ind2=" ">
    <marcxml:subfield code="a">(OCoLC)60743161</marcxml:subfield>
  </marcxml:datafield>
  <marcxml:datafield tag="037" ind1=" " ind2=" ">
    <marcxml:subfield code="b">Junior Library Guild</marcxml:subfield>
    <marcxml:subfield code="n">http://www.juniorlibraryguild.com</marcxml:subfield>
  </marcxml:datafield>
  <marcxml:datafield tag="040" ind1=" " ind2=" ">
    <marcxml:subfield code="a">DLC</marcxml:subfield>
    <marcxml:subfield code="c">DLC</marcxml:subfield>
    <marcxml:subfield code="d">BAKER</marcxml:subfield>
    <marcxml:subfield code="d">TEF</marcxml:subfield>
    <marcxml:subfield code="d">EHH</marcxml:subfield>
    <marcxml:subfield code="d">BUR</marcxml:subfield>
    <marcxml:subfield code="d">DLC</marcxml:subfield>
  </marcxml:datafield>
  <marcxml:datafield tag="042" ind1=" " ind2=" ">
    <marcxml:subfield code="a">pcc</marcxml:subfield>
    <marcxml:subfield code="a">lcac</marcxml:subfield>
  </marcxml:datafield>
  <marcxml:datafield tag="050" ind1="0" ind2="0">
    <marcxml:subfield code="a">D16</marcxml:subfield>
    <marcxml:subfield code="b">.B44 2006</marcxml:subfield>
  </marcxml:datafield>
  <marcxml:datafield tag="082" ind1="0" ind2="0">
    <marcxml:subfield code="a">901</marcxml:subfield>
    <marcxml:subfield code="2">22</marcxml:subfield>
  </marcxml:datafield>
  <marcxml:datafield tag="100" ind1="1" ind2=" ">
    <marcxml:subfield code="a">Beller, Susan Provost,</marcxml:subfield>
    <marcxml:subfield code="d">1949-</marcxml:subfield>
  </marcxml:datafield>
  <marcxml:datafield tag="245" ind1="1" ind2="4">
    <marcxml:subfield code="a">The history puzzle :</marcxml:subfield>
    <marcxml:subfield code="b">how we know what we know about the past /</marcxml:subfield>
    <marcxml:subfield code="c">Susan Provost Beller.</marcxml:subfield>
  </marcxml:datafield>
  <marcxml:datafield tag="260" ind1=" " ind2=" ">
    <marcxml:subfield code="a">Minneapolis :</marcxml:subfield>
    <marcxml:subfield code="b">Twenty-First Century Books,</marcxml:subfield>
    <marcxml:subfield code="c">c2006.</marcxml:subfield>
  </marcxml:datafield>
  <marcxml:datafield tag="300" ind1=" " ind2=" ">
    <marcxml:subfield code="a">128 p. :</marcxml:subfield>
    <marcxml:subfield code="b">ill. ;</marcxml:subfield>
    <marcxml:subfield code="c">27 cm.</marcxml:subfield>
  </marcxml:datafield>
  <marcxml:datafield tag="586" ind1="8" ind2=" ">
    <marcxml:subfield code="a">A Junior Library Guild selection.</marcxml:subfield>
  </marcxml:datafield>
  <marcxml:datafield tag="504" ind1=" " ind2=" ">
    <marcxml:subfield code="a">Includes bibliographical references (p. 119-125) and index.</marcxml:subfield>
  </marcxml:datafield>
  <marcxml:datafield tag="520" ind1=" " ind2=" ">
    <marcxml:subfield code="a">Learn about the detective work that historians use to better understand our past, including the mysteries of the Stone Age, Herculaneum and Pompeii, Noah's Ark, the Great Wall of China, the legend of King Arthur, and more.</marcxml:subfield>
  </marcxml:datafield>
  <marcxml:datafield tag="505" ind1="0" ind2=" ">
    <marcxml:subfield code="a">How do we know what we know about the past? -- The pieces of the puzzle -- Even today there can be mysteries : the wreck of the Edmund Fitzgerald, 1975 -- History underwater : the sister gunboats of Lake Champlain, 1776 -- Lost city found : the story of Martin's Hundred -- The mythical wall : the Great Wall of China -- The people before the Europeans came -- And then they were gone : the story of Mesa Verde -- Proving that some "myths" are true : the Vikings at l'Anse aux Meadows -- The distance between myth and reality : who was King Arthur? -- What happened when the city moved? : Italica, the forgotten Roman city -- Buried history : the story of Herculaneum and Pompeii -- When poetry is history : the search for Homer's Troy -- What language is this? : understanding the Egyptians -- Is the bible history? : the story of Noah's Ark -- If stones could speak : the mysteries of the Stone Age -- When the only message is cave drawings -- Talking skeletons : Lucy and the development of modern man -- Who owns history? Zeugma, Chancellorsville, the World Trade Center -- Can we ever be sure?</marcxml:subfield>
  </marcxml:datafield>
  <marcxml:datafield tag="650" ind1=" " ind2="0">
    <marcxml:subfield code="a">History</marcxml:subfield>
    <marcxml:subfield code="x">Methodology</marcxml:subfield>
    <marcxml:subfield code="v">Juvenile literature.</marcxml:subfield>
  </marcxml:datafield>
  <marcxml:datafield tag="650" ind1=" " ind2="1">
    <marcxml:subfield code="a">History</marcxml:subfield>
    <marcxml:subfield code="x">Methodology.</marcxml:subfield>
  </marcxml:datafield>
  <marcxml:datafield tag="856" ind1="4" ind2="1">
    <marcxml:subfield code="3">Table of contents</marcxml:subfield>
    <marcxml:subfield code="u">http://www.loc.gov/catdir/toc/ecip0514/2005017745.html</marcxml:subfield>
  </marcxml:datafield>
</marcxml:record>
